% ------------------------------------------------------------------------
% BOOK
@book{becca2017quantum,
  title={Quantum Monte Carlo approaches for correlated systems},
  author={Becca, Federico and Sorella, Sandro},
  year={2017},
  publisher={Cambridge University Press}
}

@book{norris1998markov,
  title={Markov chains},
  author={Norris, James R and Norris, John Robert},
  number={2},
  year={1998},
  publisher={Cambridge university press}
}

@book{goodfellow2016deep,
  title={Deep learning},
  author={Goodfellow, Ian and Bengio, Yoshua and Courville, Aaron and Bengio, Yoshua},
  year={2016},
  publisher={MIT press Cambridge}
}

@article{hutcheon2020stochastic,
  title={Stochastic nodal surfaces in quantum Monte Carlo calculations},
  author={Hutcheon, Michael},
  journal={Physical Review E},
  volume={102},
  number={4},
  pages={042105},
  year={2020},
  publisher={APS}
}
% -------------------------------------------------------------------
% ARTICLE

@article{saito2017solving,
  title={Solving the Bose--Hubbard model with machine learning},
  author={Saito, Hiroki},
  journal={Journal of the Physical Society of Japan},
  volume={86},
  number={9},
  pages={093001},
  year={2017},
  publisher={The Physical Society of Japan}
}

@article{nomura2017restricted,
  title={Restricted Boltzmann machine learning for solving strongly correlated quantum systems},
  author={Nomura, Yusuke and Darmawan, Andrew S and Yamaji, Youhei and Imada, Masatoshi},
  journal={Physical Review B},
  volume={96},
  number={20},
  pages={205152},
  year={2017},
  publisher={APS}
}

@article{cai2018approximating,
  title={Approximating quantum many-body wave functions using artificial neural networks},
  author={Cai, Zi and Liu, Jinguo},
  journal={Physical Review B},
  volume={97},
  number={3},
  pages={035116},
  year={2018},
  publisher={APS}
}

@article{pfau2020ab,
  title={Ab initio solution of the many-electron Schr{\"o}dinger equation with deep neural networks},
  author={Pfau, David and Spencer, James S and Matthews, Alexander GDG and Foulkes, W Matthew C},
  journal={Physical Review Research},
  volume={2},
  number={3},
  pages={033429},
  year={2020},
  publisher={APS}
}

@article{carleo2017solving,
  title={Solving the quantum many-body problem with artificial neural networks},
  author={Carleo, Giuseppe and Troyer, Matthias},
  journal={Science},
  volume={355},
  number={6325},
  pages={602--606},
  year={2017},
  publisher={American Association for the Advancement of Science}
}

@article{zhang1997constrained,
  title={Constrained path Monte Carlo method for fermion ground states},
  author={Zhang, Shiwei and Carlson, Joseph and Gubernatis, James E},
  journal={Physical Review B},
  volume={55},
  number={12},
  pages={7464},
  year={1997},
  publisher={APS}
}

@article{alexandru2020complex,
  title={Complex paths around the sign problem},
  author={Alexandru, Andrei and Basar, Gokce and Bedaque, Paulo F and Warrington, Neill C},
  journal={arXiv preprint arXiv:2007.05436},
  year={2020}
}

@article{assaraf2007fermion,
  title={The fermion monte carlo revisited},
  author={Assaraf, Roland and Caffarel, Michel and Khelif, Anatole},
  journal={Journal of Physics A: Mathematical and Theoretical},
  volume={40},
  number={6},
  pages={1181},
  year={2007},
  publisher={IOP Publishing}
}



@article{troyer2005computational,
  title={Computational complexity and fundamental limitations to fermionic quantum Monte Carlo simulations},
  author={Troyer, Matthias and Wiese, Uwe-Jens},
  journal={Physical review letters},
  volume={94},
  number={17},
  pages={170201},
  year={2005},
  publisher={APS}
}

@book{chriss1997black,
  title={Black Scholes and beyond: option pricing models},
  author={Chriss, Neil A and Chriss, Neil},
  year={1997},
  publisher={McGraw-Hill}
}

@book{barber2012bayesian,
  title={Bayesian reasoning and machine learning},
  author={Barber, David},
  year={2012},
  publisher={Cambridge University Press}
}

@book{gubernatis_kawashima_werner_2016, 
  place={Cambridge}, 
  title={Quantum Monte Carlo Methods: Algorithms for Lattice Models}, 
  DOI={10.1017/CBO9780511902581}, 
  publisher={Cambridge University Press}, 
  author={Gubernatis, James and Kawashima, Naoki and Werner, Phillipp},
  year={2016}
}

@article{rogers1994diffusions,
  title={Diffusions, Markov Processes and Martingales, Volume 1: Foundations},
  author={Rogers, L Chris G and Williams, David},
  journal={John Wiley \& Sons, Ltd., Chichester},
  volume={7},
  year={1994}
}

@book{rogers2000diffusions,
  title={Diffusions, Markov processes and martingales: Volume 2, It{\^o} calculus},
  author={Rogers, L Chris G and Williams, David},
  volume={2},
  year={2000},
  publisher={Cambridge university press}
}

@book{sarkka2019applied,
  title={Applied stochastic differential equations},
  author={S{\"a}rkk{\"a}, Simo and Solin, Arno},
  volume={10},
  year={2019},
  publisher={Cambridge University Press}
}

@book{durrett2019probability,
  title={Probability: theory and examples},
  author={Durrett, Rick},
  volume={49},
  year={2019},
  publisher={Cambridge university press}
}

@book{rasmussen2006gaussian,
  title={Gaussian Processes for Machine Learning},
  author={Rasmussen, C.E. and Williams, C.K.I. and M.I.T. Press and Bach, F. and ProQuest (Firm)},
  isbn={9780262182539},
  lccn={20050533},
  series={Adaptive computation and machine learning},
  url={https://books.google.co.uk/books?id=Tr34DwAAQBAJ},
  year={2006},
  publisher={MIT Press}
}

@book{salamon2016measure,
  title={Measure and integration},
  author={Salamon, Dietmar},
  year={2016},
  publisher={European Mathematical Society}
}

@book{halmos2013measure,
  title={Measure theory},
  author={Halmos, Paul R},
  volume={18},
  year={2013},
  publisher={Springer}
}

% ------------------------------------------------------------------------
% ARTICLE

@article{childs2010relationship,
  title={On the relationship between continuous-and discrete-time quantum walk},
  author={Childs, Andrew M},
  journal={Communications in Mathematical Physics},
  volume={294},
  number={2},
  pages={581--603},
  year={2010},
  publisher={Springer}
}

@incollection{feynman2018simulating,
  title={Simulating physics with computers},
  author={Feynman, Richard P},
  booktitle={Feynman and computation},
  pages={133--153},
  year={2018},
  publisher={CRC Press}
}

@incollection{leonard2014pathmeasure,
  title={Some properties of path measures},
  author={L{\'e}onard, Christian},
  booktitle={S{\'e}minaire de Probabilit{\'e}s XLVI},
  pages={207--230},
  year={2014},
  publisher={Springer}
}

@article{carrasquilla2017machine,
  title={Machine learning phases of matter},
  author={Carrasquilla, Juan and Melko, Roger G},
  journal={Nature Physics},
  volume={13},
  number={5},
  pages={431--434},
  year={2017},
  publisher={Nature Publishing Group}
}

@inproceedings{todorov2007linearly,
  title={Linearly-solvable Markov decision problems},
  author={Todorov, Emanuel},
  booktitle={Advances in neural information processing systems},
  pages={1369--1376},
  year={2007}
}

@inproceedings{cohen2016group,
  title={Group equivariant convolutional networks},
  author={Cohen, Taco and Welling, Max},
  booktitle={International conference on machine learning},
  pages={2990--2999},
  year={2016},
  organization={PMLR}
}

@article{holland1977cost,
  title={A new energy characterization of the smallest eigenvalue of the Schr{\"o}dinger equation},
  author={Holland, Charles J},
  journal={Communications in Pure Applied Mathematics},
  volume={30},
  pages={755--765},
  year={1977}
}

@article{albeverio1977energy,
  title={Energy forms, Hamiltonians, and distorted Brownian paths},
  author={Albeverio, Sergio and Ho/egh-Krohn, Raphael and Streit, Ludwig},
  journal={Journal of Mathematical Physics},
  volume={18},
  number={5},
  pages={907--917},
  year={1977},
  publisher={American Institute of Physics}
}

@article{nelson1967dynamical,
  title={Dynamical Theories of Brownian Motion, Princeton Univ},
  author={Nelson, E},
  journal={Press, Princeton, NJ},
  year={1967}
}

@article{kac1949distributions,
  title={On distributions of certain Wiener functionals},
  author={Kac, Mark},
  journal={Transactions of the American Mathematical Society},
  volume={65},
  number={1},
  pages={1--13},
  year={1949}
}

@article{ONeill2003wave,
  title={Wave functions and two-electron probability distributions of the Hooke’s-law atom and helium},
  author={O’Neill, Darragh P and Gill, Peter MW},
  journal={Physical Review A},
  volume={68},
  number={2},
  pages={022505},
  year={2003},
  publisher={APS}
}

@article{anderson2007quantum,
  title={Quantum Monte Carlo on graphical processing units},
  author={Anderson, Amos G and Goddard III, William A and Schr{\"o}der, Peter},
  journal={Computer Physics Communications},
  volume={177},
  number={3},
  pages={298--306},
  year={2007},
  publisher={Elsevier}
}

@article{foulkes2001quantum,
  title={Quantum Monte Carlo simulations of solids},
  author={Foulkes, WMC and Mitas, Lubos and Needs, RJ and Rajagopal, Guna},
  journal={Reviews of Modern Physics},
  volume={73},
  number={1},
  pages={33},
  year={2001},
  publisher={APS}
}

@article{assaraf1999zero,
  title={Zero-variance principle for Monte Carlo algorithms},
  author={Assaraf, Roland and Caffarel, Michel},
  journal={Physical review letters},
  volume={83},
  number={23},
  pages={4682},
  year={1999},
  publisher={APS}
}

@article{hartree1928auxil, 
  title={The Wave Mechanics of an Atom with a Non-Coulomb Central Field. Part I. Theory and Methods}, 
  volume={24}, 
  DOI={10.1017/S0305004100011919}, 
  number={1}, 
  journal={Mathematical Proceedings of the Cambridge Philosophical Society}, publisher={Cambridge University Press}, 
  author={Hartree, D. R.}, 
  year={1928}, 
  pages={89–110}
}

@article{fock1930naherungsmethode,
  title={N{\"a}herungsmethode zur L{\"o}sung des quantenmechanischen Mehrk{\"o}rperproblems},
  author={Fock, Vladimir},
  journal={Zeitschrift f{\"u}r Physik},
  volume={61},
  number={1-2},
  pages={126--148},
  year={1930},
  publisher={Springer}
}

@article{kohn1999nobel,
  title={Nobel Lecture: Electronic structure of matter—wave functions and density functionals},
  author={Kohn, Walter},
  journal={Reviews of Modern Physics},
  volume={71},
  number={5},
  pages={1253},
  year={1999},
  publisher={APS}
}

@article{held2007electronic,
  title={Electronic structure calculations using dynamical mean field theory},
  author={Held, Karsten},
  journal={Advances in physics},
  volume={56},
  number={6},
  pages={829--926},
  year={2007},
  publisher={Taylor \& Francis}
}

@article{verstraete2004renormalization,
  title={Renormalization algorithms for quantum-many body systems in two and higher dimensions},
  author={Verstraete, Frank and Cirac, J Ignacio},
  journal={arXiv preprint cond-mat/0407066},
  year={2004}
}

@article{nightingale2001optimization,
  title={Optimization of ground-and excited-state wave functions and van der Waals clusters},
  author={Nightingale, MP and Melik-Alaverdian, Vilen},
  journal={Physical review letters},
  volume={87},
  number={4},
  pages={043401},
  year={2001},
  publisher={APS}
}

@article{feiguin2005time,
  title={Time-step targeting methods for real-time dynamics using the density matrix renormalization group},
  author={Feiguin, Adrian E and White, Steven R},
  journal={Physical Review B},
  volume={72},
  number={2},
  pages={020404},
  year={2005},
  publisher={APS}
}

@article{white1992density,
  title={Density matrix formulation for quantum renormalization groups},
  author={White, Steven R},
  journal={Physical review letters},
  volume={69},
  number={19},
  pages={2863},
  year={1992},
  publisher={APS}
}

@article{wilson1975renormalization,
  title={The renormalization group: Critical phenomena and the Kondo problem},
  author={Wilson, Kenneth G},
  journal={Reviews of modern physics},
  volume={47},
  number={4},
  pages={773},
  year={1975},
  publisher={APS}
}

@article{schollwock2005density,
  title={The density-matrix renormalization group},
  author={Schollw{\"o}ck, Ulrich},
  journal={Reviews of modern physics},
  volume={77},
  number={1},
  pages={259},
  year={2005},
  publisher={APS}
}

@article{hohenberg1964inhomogeneous,
  title={Inhomogeneous electron gas},
  author={Hohenberg, Pierre and Kohn, Walter},
  journal={Physical review},
  volume={136},
  number={3B},
  pages={B864},
  year={1964},
  publisher={APS}
}

@article{skylaris2005introducing,
  title={Introducing ONETEP: Linear-scaling density functional simulations on parallel computers},
  author={Skylaris, Chris-Kriton and Haynes, Peter D and Mostofi, Arash A and Payne, Mike C},
  journal={The Journal of chemical physics},
  volume={122},
  number={8},
  pages={084119},
  year={2005},
  publisher={American Institute of Physics}
}

@article{austin2012quantum,
  title={Quantum Monte Carlo and related approaches},
  author={Austin, Brian M and Zubarev, Dmitry Yu and Lester Jr, William A},
  journal={Chemical reviews},
  volume={112},
  number={1},
  pages={263--288},
  year={2012},
  publisher={ACS Publications}
}

@article{mcmillan1965ground,
  title={Ground state of liquid He 4},
  author={McMillan, William Lauchlin},
  journal={Physical Review},
  volume={138},
  number={2A},
  pages={A442},
  year={1965},
  publisher={APS}
}

@article{ceperley1977monte,
  title={Monte Carlo simulation of a many-fermion study},
  author={Ceperley, David and Chester, Geoffrey V and Kalos, Malvin H},
  journal={Physical Review B},
  volume={16},
  number={7},
  pages={3081},
  year={1977},
  publisher={APS}
}

@article{carleo2012localization,
  title={Localization and glassy dynamics of many-body quantum systems},
  author={Carleo, Giuseppe and Becca, Federico and Schir{\'o}, Marco and Fabrizio, Michele},
  journal={Scientific reports},
  volume={2},
  number={1},
  pages={1--6},
  year={2012},
  publisher={Nature Publishing Group}
}

@article{carleo2014light,
  title={Light-cone effect and supersonic correlations in one-and two-dimensional bosonic superfluids},
  author={Carleo, Giuseppe and Becca, Federico and Sanchez-Palencia, Laurent and Sorella, Sandro and Fabrizio, Michele},
  journal={Physical Review A},
  volume={89},
  number={3},
  pages={031602},
  year={2014},
  publisher={APS}
}

@article{ido2015time,
  title={Time-dependent many-variable variational Monte Carlo method for nonequilibrium strongly correlated electron systems},
  author={Ido, Kota and Ohgoe, Takahiro and Imada, Masatoshi},
  journal={Physical Review B},
  volume={92},
  number={24},
  pages={245106},
  year={2015},
  publisher={APS}
}

@article{kalos1962monte,
  title={Monte Carlo calculations of the ground state of three-and four-body nuclei},
  author={Kalos, MH},
  journal={Physical Review},
  volume={128},
  number={4},
  pages={1791},
  year={1962},
  publisher={APS}
}

@article{kalos1966stochastic,
  title={Stochastic wave function for atomic helium},
  author={Kalos, MH},
  journal={Journal of Computational Physics},
  volume={1},
  number={2},
  pages={257--276},
  year={1966},
  publisher={Elsevier}
}

@article{reynolds1990diffusion,
  title={Diffusion quantum monte carlo},
  author={Reynolds, Peter J and Tobochnik, Jan and Gould, Harvey},
  journal={Computers in Physics},
  volume={4},
  number={6},
  pages={662--668},
  year={1990},
  publisher={American Institute of Physics}
}

@article{baroni1999reptation,
  title={Reptation quantum Monte Carlo: A method for unbiased ground-state averages and imaginary-time correlations},
  author={Baroni, Stefano and Moroni, Saverio},
  journal={Physical review letters},
  volume={82},
  number={24},
  pages={4745},
  year={1999},
  publisher={APS}
}

@article{anderson1975random,
  title={A random-walk simulation of the Schr{\"o}dinger equation: H+ 3},
  author={Anderson, James B},
  journal={The Journal of Chemical Physics},
  volume={63},
  number={4},
  pages={1499--1503},
  year={1975},
  publisher={American Institute of Physics}
}

@article{ceperley1980ground,
  title={Ground state of the electron gas by a stochastic method},
  author={Ceperley, David M and Alder, Berni J},
  journal={Physical review letters},
  volume={45},
  number={7},
  pages={566},
  year={1980},
  publisher={APS}
}

@article{vosko1980accurate,
  title={Accurate spin-dependent electron liquid correlation energies for local spin density calculations: a critical analysis},
  author={Vosko, Seymour H and Wilk, Leslie and Nusair, Marwan},
  journal={Canadian Journal of physics},
  volume={58},
  number={8},
  pages={1200--1211},
  year={1980},
  publisher={NRC Research Press Ottawa, Canada}
}

@article{ceperley1995path,
  title={Path integrals in the theory of condensed helium},
  author={Ceperley, David M},
  journal={Reviews of Modern Physics},
  volume={67},
  number={2},
  pages={279},
  year={1995},
  publisher={APS}
}

@article{prokof1998exact,
  title={Exact, complete, and universal continuous-time worldline Monte Carlo approach to the statistics of discrete quantum systems},
  author={Prokof’Ev, NV and Svistunov, BV and Tupitsyn, IS},
  journal={Journal of Experimental and Theoretical Physics},
  volume={87},
  number={2},
  pages={310--321},
  year={1998},
  publisher={Springer}
}

@article{needs2020variational,
  title={Variational and diffusion quantum Monte Carlo calculations with the CASINO code},
  author={Needs, RJ and Towler, MD and Drummond, ND and Lopez Rios, Pablo and Trail, JR},
  journal={The Journal of chemical physics},
  volume={152},
  number={15},
  pages={154106},
  year={2020},
  publisher={AIP Publishing LLC}
}

@book{feller2008introduction,
  title={An introduction to probability theory and its applications, vol 2},
  author={Feller, Willliam},
  year={2008},
  publisher={John Wiley \& Sons}
}

@article{hastings1970monte,
  title={Monte Carlo sampling methods using Markov chains and their applications},
  author={Hastings, W Keith},
  year={1970},
  journal={Biometrika},
  publisher={Oxford University Press}
}

@article{umrigar1988optimized,
  title={Optimized trial wave functions for quantum Monte Carlo calculations},
  author={Umrigar, CJ and Wilson, KG and Wilkins, JW},
  journal={Physical Review Letters},
  volume={60},
  number={17},
  pages={1719},
  year={1988},
  publisher={APS}
}

@article{sorella1998green,
  title={Green function Monte Carlo with stochastic reconfiguration},
  author={Sorella, Sandro},
  journal={Physical review letters},
  volume={80},
  number={20},
  pages={4558},
  year={1998},
  publisher={APS}
}

@article{mcmurchie1978one,
  title={One-and two-electron integrals over Cartesian Gaussian functions},
  author={McMurchie, Larry E and Davidson, Ernest R},
  journal={Journal of Computational Physics},
  volume={26},
  number={2},
  pages={218--231},
  year={1978},
  publisher={Elsevier}
}

@article{obara1986efficient,
  title={Efficient recursive computation of molecular integrals over Cartesian Gaussian functions},
  author={Obara, Shigeru and Saika, A},
  journal={The Journal of chemical physics},
  volume={84},
  number={7},
  pages={3963--3974},
  year={1986},
  publisher={American Institute of Physics}
}

@incollection{helgaker1995gaussian,
  title={Gaussian basis sets and molecular integrals},
  author={Helgaker, Trygve and Taylor, Peter R},
  booktitle={Modern Electronic Structure Theory: Part II},
  pages={725--856},
  year={1995}
}

@article{fermann2020fundamentals,
  title={Fundamentals of molecular integrals evaluation},
  author={Fermann, Justin T and Valeev, Edward F},
  journal={arXiv preprint arXiv:2007.12057},
  year={2020}
}

@article{meredith2009accuracy,
  title={Accuracy and performance of graphics processors: A Quantum Monte Carlo application case study},
  author={Meredith, Jeremy S and Alvarez, Gonzalo and Maier, Thomas A and Schulthess, Thomas C and Vetter, Jeffrey S},
  journal={Parallel Computing},
  volume={35},
  number={3},
  pages={151--163},
  year={2009},
  publisher={Elsevier}
}

@article{kim2018qmcpack,
  title={QMCPACK: an open source ab initio quantum Monte Carlo package for the electronic structure of atoms, molecules and solids},
  author={Kim, Jeongnim and Baczewski, Andrew D and Beaudet, Todd D and Benali, Anouar and Bennett, M Chandler and Berrill, Mark A and Blunt, Nick S and Borda, Edgar Josu{\'e} Landinez and Casula, Michele and Ceperley, David M and others},
  journal={Journal of Physics: Condensed Matter},
  volume={30},
  number={19},
  pages={195901},
  year={2018},
  publisher={IOP Publishing}
}

@article{esler2010accelerating,
  title={Accelerating quantum Monte Carlo simulations of real materials on GPU clusters},
  author={Esler, Kenneth and Kim, Jeongnim and Ceperley, David and Shulenburger, Luke},
  journal={Computing in Science \& Engineering},
  volume={14},
  number={1},
  pages={40--51},
  year={2010},
  publisher={IEEE}
}

@article{baydin2018automatic,
  title={Automatic differentiation in machine learning: a survey},
  author={Baydin, Atilim Gunes and Pearlmutter, Barak A and Radul, Alexey Andreyevich and Siskind, Jeffrey Mark},
  journal={Journal of machine learning research},
  volume={18},
  year={2018},
  publisher={Journal of Machine Learning Research}
}

@article{tamayo2018automatic,
  title={Automatic differentiation in quantum chemistry with applications to fully variational Hartree--Fock},
  author={Tamayo-Mendoza, Teresa and Kreisbeck, Christoph and Lindh, Roland and Aspuru-Guzik, Al{\'a}n},
  journal={ACS central science},
  volume={4},
  number={5},
  pages={559--566},
  year={2018},
  publisher={ACS Publications}
}

@article{boeddeker2017computation,
  title={On the computation of complex-valued gradients with application to statistically optimum beamforming},
  author={Boeddeker, Christoph and Hanebrink, Patrick and Drude, Lukas and Heymann, Jahn and Haeb-Umbach, Reinhold},
  journal={arXiv preprint arXiv:1701.00392},
  year={2017}
}

@article{kais1993density,
  title={Density functionals and dimensional renormalization for an exactly solvable model},
  author={Kais, S and Herschbach, DR and Handy, NC and Murray, CW and Laming, GJ},
  journal={The Journal of chemical physics},
  volume={99},
  number={1},
  pages={417--425},
  year={1993},
  publisher={American Institute of Physics}
}

@article{amovilli2003exact,
  title={Exact density matrix for a two-electron model atom and approximate proposals for realistic two-electron systems},
  author={Amovilli, Claudio and March, NH},
  journal={Physical Review A},
  volume={67},
  number={2},
  pages={022509},
  year={2003},
  publisher={APS}
}

@article{goodfellow2016nips,
  title={Nips 2016 tutorial: Generative adversarial networks},
  author={Goodfellow, Ian},
  journal={arXiv preprint arXiv:1701.00160},
  year={2016}
}

@article{Intro2VAE,
  author    = {Diederik P. Kingma and
               Max Welling},
  title     = {An Introduction to Variational Autoencoders},
  journal   = {CoRR},
  volume    = {abs/1906.02691},
  year      = {2019},
  url       = {http://arxiv.org/abs/1906.02691},
  archivePrefix = {arXiv},
  eprint    = {1906.02691},
  timestamp = {Thu, 13 Jun 2019 13:36:00 +0200},
  biburl    = {https://dblp.org/rec/journals/corr/abs-1906-02691.bib},
  bibsource = {dblp computer science bibliography, https://dblp.org}
}

@article{kingma2017variational,
  title={Variational inference \& deep learning: A new synthesis},
  author={Kingma, Diederik Pieter},
  year={2017}
}

@article{hinton1995wake,
  title={The" wake-sleep" algorithm for unsupervised neural networks},
  author={Hinton, Geoffrey E and Dayan, Peter and Frey, Brendan J and Neal, Radford M},
  journal={Science},
  volume={268},
  number={5214},
  pages={1158--1161},
  year={1995},
  publisher={American Association for the Advancement of Science}
}

@article{kingma2013auto,
  title={Auto-encoding variational bayes},
  author={Kingma, Diederik P and Welling, Max},
  journal={arXiv preprint arXiv:1312.6114},
  year={2013}
}

@inproceedings{rezende2014stochastic,
  title={Stochastic backpropagation and approximate inference in deep generative models},
  author={Rezende, Danilo Jimenez and Mohamed, Shakir and Wierstra, Daan},
  booktitle={International conference on machine learning},
  pages={1278--1286},
  year={2014},
  organization={PMLR}
}

@article{dempster1977maximum,
  title={Maximum likelihood from incomplete data via the EM algorithm},
  author={Dempster, Arthur P and Laird, Nan M and Rubin, Donald B},
  journal={Journal of the Royal Statistical Society: Series B (Methodological)},
  volume={39},
  number={1},
  pages={1--22},
  year={1977},
  publisher={Wiley Online Library}
}

@inproceedings{hoffman2010online,
  title={Online learning for latent dirichlet allocation},
  author={Hoffman, Matthew and Bach, Francis R and Blei, David M},
  booktitle={advances in neural information processing systems},
  pages={856--864},
  year={2010},
  organization={Citeseer}
}
@article{schrittwieser2020mastering,
  title={Mastering atari, go, chess and shogi by planning with a learned model},
  author={Schrittwieser, Julian and Antonoglou, Ioannis and Hubert, Thomas and Simonyan, Karen and Sifre, Laurent and Schmitt, Simon and Guez, Arthur and Lockhart, Edward and Hassabis, Demis and Graepel, Thore and others},
  journal={Nature},
  volume={588},
  number={7839},
  pages={604--609},
  year={2020},
  publisher={Nature Publishing Group}
}

@article{mohamed2020monte,
  title={Monte Carlo gradient estimation in machine learning},
  author={Mohamed, Shakir and Rosca, Mihaela and Figurnov, Michael and Mnih, Andriy},
  journal={Journal of Machine Learning Research},
  volume={21},
  number={132},
  pages={1--62},
  year={2020}
}

@inproceedings{rezende2015variational,
  title={Variational inference with normalizing flows},
  author={Rezende, Danilo and Mohamed, Shakir},
  booktitle={International Conference on Machine Learning},
  pages={1530--1538},
  year={2015},
  organization={PMLR}
}

@article{ackley1985learning,
  title={A learning algorithm for Boltzmann machines},
  author={Ackley, David H and Hinton, Geoffrey E and Sejnowski, Terrence J},
  journal={Cognitive science},
  volume={9},
  number={1},
  pages={147--169},
  year={1985},
  publisher={Elsevier}
}

@article{dayan1995helmholtz,
  title={The helmholtz machine},
  author={Dayan, Peter and Hinton, Geoffrey E and Neal, Radford M and Zemel, Richard S},
  journal={Neural computation},
  volume={7},
  number={5},
  pages={889--904},
  year={1995},
  publisher={MIT Press}
}

@article{everitt2014finite,
  title={Finite mixture distributions},
  author={Everitt, Brian S},
  journal={Wiley StatsRef: Statistics Reference Online},
  year={2014},
  publisher={Wiley Online Library}
}

@article{rabiner1986introduction,
  title={An introduction to hidden Markov models},
  author={Rabiner, Lawrence and Juang, Biinghwang},
  journal={ieee assp magazine},
  volume={3},
  number={1},
  pages={4--16},
  year={1986},
  publisher={IEEE}
}

@article{blei2003latent,
  title={Latent dirichlet allocation},
  author={Blei, David M and Ng, Andrew Y and Jordan, Michael I},
  journal={the Journal of machine Learning research},
  volume={3},
  pages={993--1022},
  year={2003},
  publisher={JMLR. org}
}

@article{oord2016wavenet,
  title={Wavenet: A generative model for raw audio},
  author={Oord, Aaron van den and Dieleman, Sander and Zen, Heiga and Simonyan, Karen and Vinyals, Oriol and Graves, Alex and Kalchbrenner, Nal and Senior, Andrew and Kavukcuoglu, Koray},
  journal={arXiv preprint arXiv:1609.03499},
  year={2016}
}

@inproceedings{ledig2017photo,
  title={Photo-realistic single image super-resolution using a generative adversarial network},
  author={Ledig, Christian and Theis, Lucas and Husz{\'a}r, Ferenc and Caballero, Jose and Cunningham, Andrew and Acosta, Alejandro and Aitken, Andrew and Tejani, Alykhan and Totz, Johannes and Wang, Zehan and others},
  booktitle={Proceedings of the IEEE conference on computer vision and pattern recognition},
  pages={4681--4690},
  year={2017}
}

@article{kingma2014semi,
  title={Semi-supervised learning with deep generative models},
  author={Kingma, Diederik P and Rezende, Danilo J and Mohamed, Shakir and Welling, Max},
  journal={arXiv preprint arXiv:1406.5298},
  year={2014}
}

@article{bowman2015generating,
  title={Generating sentences from a continuous space},
  author={Bowman, Samuel R and Vilnis, Luke and Vinyals, Oriol and Dai, Andrew M and Jozefowicz, Rafal and Bengio, Samy},
  journal={arXiv preprint arXiv:1511.06349},
  year={2015}
}

@article{kingma2016improving,
  title={Improving variational inference with inverse autoregressive flow},
  author={Kingma, Diederik P and Salimans, Tim and Jozefowicz, Rafal and Chen, Xi and Sutskever, Ilya and Welling, Max},
  journal={arXiv preprint arXiv:1606.04934},
  year={2016}
}

@article{higgins2016beta,
  title={beta-vae: Learning basic visual concepts with a constrained variational framework},
  author={Higgins, Irina and Matthey, Loic and Pal, Arka and Burgess, Christopher and Glorot, Xavier and Botvinick, Matthew and Mohamed, Shakir and Lerchner, Alexander},
  year={2016}
}

@article{burgess2018understanding,
  title={Understanding disentangling in $\beta$-VAE},
  author={Burgess, Christopher P and Higgins, Irina and Pal, Arka and Matthey, Loic and Watters, Nick and Desjardins, Guillaume and Lerchner, Alexander},
  journal={arXiv preprint arXiv:1804.03599},
  year={2018}
}

@article{dieng2016variational,
  title={Variational Inference via $\chi$-Upper Bound Minimization},
  author={Dieng, Adji B and Tran, Dustin and Ranganath, Rajesh and Paisley, John and Blei, David M},
  journal={arXiv preprint arXiv:1611.00328},
  year={2016}
}

@article{semeniuta2017hybrid,
  title={A hybrid convolutional variational autoencoder for text generation},
  author={Semeniuta, Stanislau and Severyn, Aliaksei and Barth, Erhardt},
  journal={arXiv preprint arXiv:1702.02390},
  year={2017}
}

@inproceedings{jin2018junction,
  title={Junction tree variational autoencoder for molecular graph generation},
  author={Jin, Wengong and Barzilay, Regina and Jaakkola, Tommi},
  booktitle={International Conference on Machine Learning},
  pages={2323--2332},
  year={2018},
  organization={PMLR}
}

@article{roberts2017hierarchical,
  title={Hierarchical variational autoencoders for music},
  author={Roberts, Adam and Engel, Jesse and Eck, Douglas},
  year={2017}
}

@inproceedings{gregor2015draw,
  title={Draw: A recurrent neural network for image generation},
  author={Gregor, Karol and Danihelka, Ivo and Graves, Alex and Rezende, Danilo and Wierstra, Daan},
  booktitle={International Conference on Machine Learning},
  pages={1462--1471},
  year={2015},
  organization={PMLR}
}

@inproceedings{habibian2019video,
  title={Video compression with rate-distortion autoencoders},
  author={Habibian, Amirhossein and Rozendaal, Ties van and Tomczak, Jakub M and Cohen, Taco S},
  booktitle={Proceedings of the IEEE/CVF International Conference on Computer Vision},
  pages={7033--7042},
  year={2019}
}

@article{maaloe2019biva,
  title={Biva: A very deep hierarchy of latent variables for generative modeling},
  author={Maal{\o}e, Lars and Fraccaro, Marco and Li{\'e}vin, Valentin and Winther, Ole},
  journal={arXiv preprint arXiv:1902.02102},
  year={2019}
}

@article{vahdat2020nvae,
  title={Nvae: A deep hierarchical variational autoencoder},
  author={Vahdat, Arash and Kautz, Jan},
  journal={arXiv preprint arXiv:2007.03898},
  year={2020}
}

@article{bravyi2006complexity,
  title={The complexity of stoquastic local Hamiltonian problems},
  author={Bravyi, Sergey and Divincenzo, David P and Oliveira, Roberto I and Terhal, Barbara M},
  journal={arXiv preprint quant-ph/0606140},
  year={2006}
}

@article{bravyi2014monte,
  title={Monte Carlo simulation of stoquastic Hamiltonians},
  author={Bravyi, Sergey},
  journal={arXiv preprint arXiv:1402.2295},
  year={2014}
}

@online{discussion_stoquastic2017,
title = {Discussion on stoquastic Hamiltonians},
author = {Elizabeth Crosson},
url = {https://online.kitp.ucsb.edu/online/qinfo17/crosson/},
date = {2017-11-1},
urldate = {2021-7-7}
}

@article{child2020very,
  title={Very Deep VAEs Generalize Autoregressive Models and Can Outperform Them on Images},
  author={Child, Rewon},
  journal={arXiv preprint arXiv:2011.10650},
  year={2020}
}

@article{gispen2020ground,
  title={Ground States of Quantum Many Body Lattice Models via Reinforcement Learning},
  author={Gispen, Willem and Lamacraft, Austen},
  journal={arXiv preprint arXiv:2012.07063},
  year={2020}
}

@inproceedings{barr2020quantum,
  title={Quantum ground states from reinforcement learning},
  author={Barr, Ariel and Gispen, Willem and Lamacraft, Austen},
  booktitle={Mathematical and Scientific Machine Learning},
  pages={635--653},
  year={2020},
  organization={PMLR}
}

@article{clark2018unifying,
  title={Unifying neural-network quantum states and correlator product states via tensor networks},
  author={Clark, Stephen R},
  journal={Journal of Physics A: Mathematical and Theoretical},
  volume={51},
  number={13},
  pages={135301},
  year={2018},
  publisher={IOP Publishing}
}

@article{dick2020machine,
  title={Machine learning accurate exchange and correlation functionals of the electronic density},
  author={Dick, Sebastian and Fernandez-Serra, Marivi},
  journal={Nature communications},
  volume={11},
  number={1},
  pages={1--10},
  year={2020},
  publisher={Nature Publishing Group}
}

@article{wilson2021simulations,
  title={Simulations of state-of-the-art fermionic neural network wave functions with diffusion Monte Carlo},
  author={Wilson, Max and Gao, Nicholas and Wudarski, Filip and Rieffel, Eleanor and Tubman, Norm M},
  journal={arXiv preprint arXiv:2103.12570},
  year={2021}
}

@article{spencer2020better,
  title={Better, faster fermionic neural networks},
  author={Spencer, James S and Pfau, David and Botev, Aleksandar and Foulkes, W Matthew C},
  journal={arXiv preprint arXiv:2011.07125},
  year={2020}
}

@article{nalisnick2018deep,
  title={Do deep generative models know what they don't know?},
  author={Nalisnick, Eric and Matsukawa, Akihiro and Teh, Yee Whye and Gorur, Dilan and Lakshminarayanan, Balaji},
  journal={arXiv preprint arXiv:1810.09136},
  year={2018}
}

@inproceedings{dieng2019avoiding,
  title={Avoiding latent variable collapse with generative skip models},
  author={Dieng, Adji B and Kim, Yoon and Rush, Alexander M and Blei, David M},
  booktitle={The 22nd International Conference on Artificial Intelligence and Statistics},
  pages={2397--2405},
  year={2019},
  organization={PMLR} 
}

@article{clark2018unifying,
  title={Unifying neural-network quantum states and correlator product states via tensor networks},
  author={Clark, Stephen R},
  journal={Journal of Physics A: Mathematical and Theoretical},
  volume={51},
  number={13},
  pages={135301},
  year={2018},
  publisher={IOP Publishing}
}

@article{he2019lagging,
  title={Lagging inference networks and posterior collapse in variational autoencoders},
  author={He, Junxian and Spokoyny, Daniel and Neubig, Graham and Berg-Kirkpatrick, Taylor},
  journal={arXiv preprint arXiv:1901.05534},
  year={2019}
}

@article{carleo2018constructing,
  title={Constructing exact representations of quantum many-body systems with deep neural networks},
  author={Carleo, Giuseppe and Nomura, Yusuke and Imada, Masatoshi},
  journal={Nature communications},
  volume={9},
  number={1},
  pages={1--11},
  year={2018},
  publisher={Nature Publishing Group}
}

@article{rezende2018taming,
  title={Taming vaes},
  author={Rezende, Danilo Jimenez and Viola, Fabio},
  journal={arXiv preprint arXiv:1810.00597},
  year={2018}
}

@article{richter2020vargrad,
  title={VarGrad: A Low-Variance Gradient Estimator for Variational Inference},
  author={Richter, Lorenz and Boustati, Ayman and N{\"u}sken, Nikolas and Ruiz, Francisco JR and Akyildiz, {\"O}mer Deniz},
  journal={arXiv preprint arXiv:2010.10436},
  year={2020}
}

@article{maddison2016discrelax,
  author    = {Chris J. Maddison and
               Andriy Mnih and
               Yee Whye Teh},
  title     = {The Concrete Distribution: {A} Continuous Relaxation of Discrete Random
               Variables},
  journal   = {CoRR},
  volume    = {abs/1611.00712},
  year      = {2016},
  archivePrefix = {arXiv},
  eprint    = {1611.00712},
  timestamp = {Mon, 13 Aug 2018 16:48:00 +0200},
  biburl    = {https://dblp.org/rec/journals/corr/MaddisonMT16.bib},
  bibsource = {dblp computer science bibliography, https://dblp.org}
}

@article{rolfe2016discrete,
  title={Discrete variational autoencoders},
  author={Rolfe, Jason Tyler},
  journal={arXiv preprint arXiv:1609.02200},
  year={2016}
}

@article{DBLP:journals/corr/abs-1711-00937,
  author    = {A{\"{a}}ron van den Oord and
               Oriol Vinyals and
               Koray Kavukcuoglu},
  title     = {Neural Discrete Representation Learning},
  journal   = {CoRR},
  volume    = {abs/1711.00937},
  year      = {2017},
  archivePrefix = {arXiv},
  eprint    = {1711.00937},
  timestamp = {Mon, 13 Aug 2018 16:48:11 +0200},
  biburl    = {https://dblp.org/rec/journals/corr/abs-1711-00937.bib},
  bibsource = {dblp computer science bibliography, https://dblp.org}
}

@article{loaiza2019continuous,
  title={The continuous Bernoulli: fixing a pervasive error in variational autoencoders},
  author={Loaiza-Ganem, Gabriel and Cunningham, John P},
  journal={arXiv preprint arXiv:1907.06845},
  year={2019}
}

% ------------------------------------------------------------------------

@misc{bach_2019, 
  title={The Gumbel trick}, 
  url={https://francisbach.com/the-gumbel-trick/}, 
  journal={Machine Learning Research Blog}, 
  author={Bach, Francis}, 
  year={2019}, 
  month={Sep}
} 

@misc{cuda, 
  title={CUDA C++ Programming Guide,\\ https://docs.nvidia.com/cuda/cuda-c-programming-guide/index.html},  
  journal={NVIDIA Developer Documentation}
} 
